
@article{rojas_surface_2012,
	title = {Surface state engineering of moleculeâ€“molecule interactions},
	volume = {14},
	issn = {1463-9076, 1463-9084},
	url = {http://xlink.rsc.org/?DOI=c2cp40254h},
	doi = {10.1039/c2cp40254h},
	pages = {4971},
	number = {14},
	journaltitle = {Physical Chemistry Chemical Physics},
	author = {Rojas, Geoffrey and Simpson, Scott and Chen, Xumin and Kunkel, Donna A. and Nitz, Justin and Xiao, Jie and Dowben, Peter A. and Zurek, Eva and Enders, Axel},
	urldate = {2018-08-29},
	date = {2012},
	langid = {english}
}