
@patent{_hyperchemtm_????,
	title = {{HyperChem}({TM}) Professional 7.51, Hypercube, Inc., 1115 {NW} 4th Street, Gainesville, Florida 32601, {USA}.}
}